@article{rsa,
	title={СХЕМА ШИФРОВАНИЯ RSA И ЕЁ ПРОГРАММНАЯ РЕАЛИЗАЦИЯ},
	author={Короткова Дарья Алексеевна},
	journal={Евразийский научный журнал},
	year={2017},
	number={1}
}

@misc{cpp-lang,
	title = {C++ language},
	howpublished = {[Электронный ресурс].~--- Режим доступа: \url{https://en.cppreference.com/w/cpp/language} (дата обращения: 22.11.2024).}
}

@misc{md5,
	title = {MD5},
	howpublished = {[Электронный ресурс].~--- Режим доступа: \url{https://ru.wikipedia.org/wiki/MD5} (дата обращения: 22.11.2024).}
}